@inproceedings{pingali2011tao,
  title={The tao of parallelism in algorithms},
  author={Pingali, K. and Nguyen, D. and Kulkarni, M. and Burtscher, M. and Hassaan, M.A. and Kaleem, R. and Lee, T.H. and Lenharth, A. and Manevich, R. and M{\'e}ndez-Lojo, M. and others},
  booktitle={Proceedings of the 32nd ACM SIGPLAN conference on Programming language design and implementation},
  pages={12--25},
  year={2011},
  organization={ACM}
}

@inproceedings{tree_tiler,
  title={Enhancing locality for recursive traversals of recursive structures},
  author={Jo, Y. and Kulkarni, M.},
  booktitle={Proceedings of the 2011 ACM international conference on Object oriented programming systems languages and applications},
  pages={463--482},
  year={2011},
  organization={ACM}
}